@BOOK{gl:inv,
author="F. P. Greenleaf",
title="Invariant means on topological groups and their applications",
publisher="van Nostrand",
address="New York",
year="1969"}

@BOOK{kelley:top,
author="J. L. Kelley",
title="General Topology",
publisher="van Nostrand",
address="New York",
year="1955"}

@BOOK{milnes,
author="J. F. Berglund and H. D. Junghenn and P. Milnes",
title="Analysis on Semigroups: function spaces, compactifications, representations",
publisher="Wiley-Interscience",
address="New York",
year="1989"}

@BOOK{d&s,
author="N. Dunford and J. T. Schwartz",
title="Linear Operators {P}art {I}: {G}eneral theory",
publisher="Interscience",
address="New York",
year="1957"}

@BOOK{burckel,
author="R. B. Burckel",
title="Weakly Almost Periodic Functions on Semigroups",
publisher="Gordon and Breach",
address="New York",
year="1970"}

@BOOK{eymard,
author="P. Eymard",
title="Moyennes Invariantes et Repr\'{e}sentations Unitaries",
publisher="Springer-Verlag",
address="Berlin",
year="1972",
series="Lecture Notes in Mathematics",
volume="300"}

@BOOK{bohr,
author="H. A. Bohr",
title="Almost periodic functions",
publisher="Chelsea",
address="New York",
year="1947"}

@BOOK{h&r,
author="E. Hewitt and K. A. Ross",
title="Abstract Harmonic Analysis",
publisher="Springer-Verlag",
address="Berlin",
year="1979",
edition="Second",
volume="1"}

@BOOK{betax,
author="N. Hindman and D. Strauss",
title="Algebra in the {S}tone-{{\u{C}}}ech compactification : theory and applications",
publisher="Walter de {G}ruyter",
address="Berlin",
year="1998",
series="de {G}ruyter Expositions in Mathematics",
volume="27"}

@article{gl:aa,
author="F. P. Greenleaf",
title="Amenable Actions of Locally Compact Groups",
journal="J. Funct. Anal.",
year="1969",
volume=4,
pages="295--315"}

@article{lau:arens,
author="A. T.-M. Lau",
title="Continuity of {A}rens multiplication on the dual space of bounded uniformly continuous functions on locally compact groups and topological semigroups",
journal="Math. Proc. Cambridge Philos. Soc.",
year="1986",
volume="99",
pages="273--283"}

@article{lau:actions,
author="A. T.-M. Lau",
title="Actions of topological semigroups, invariant means, and fixed points",
journal="Studia Math.",
year="1972",
volume="43",
pages="139--156"}

@article{day:first,
author="M. M. Day",
title="Amenable Semigroups",
journal="Illinois J. Math.",
year="1957",
volume="1",
pages="509--544"}

@article{day:1950,
author="M. M. Day",
title="Means for the bounded functions and ergodicity of the bounded representations",
journal="Trans. Amer. Math. Soc.",
year="1950",
volume="69",
pages="276--291"}

@article{izzo:haar,
author="A. J. Izzo",
title="A Functional analysis proof of the existence of {H}aar measure on locally compact abelian groups",
journal="Proc. Amer. Math. Soc.",
year="1992",
volume="115",
number="2",
pages="581--583"}

@article{day:fpt,
author="M. M. Day",
title="Fixed-point theorems for compact convex sets",
journal="Illinois J. Math.",
year="1961",
volume="5",
pages="585--589"}

@article{day:fpt2,
author="M. M. Day",
title="Correction to my paper ``{F}ixed-point theorems for compact convex sets''",
journal="Illinois J. Math.",
year="1964",
volume="8",
pages="713"}

@article{wong:arens,
author="J. C. S. Wong",
title="Invariant means of locally compact semigroups",
journal="Proc. Amer. Math. Soc.",
year="1972",
volume="31",
number="1",
pages="39--45"}

@article{fairchild,
author="L. Fairchild",
title="Extreme invariant means without minimal support",
journal="Trans. Amer. Math. Soc.",
year="1972",
volume="172",
pages="83--93"}

@article{wilde,
author="C. Wilde and K. Witz",
title="Invariant means and the {S}tone-\u{C}ech compactification",
journal="Pacific J. Math.",
volume="21",
year="1967",
pages="577--586"}

@article{groth,
author="A. Grothendieck",
title="Crit{\`{e}}res de compacit{\'{e}} dans les espaces fonctionnels generaux",
journal="Amer. J. Math.",
volume="74",
year="1952",
pages="168--186"}

@article{simon,
author="B. Simon",
title="A remark on groups with the fixed point property",
journal="Proc. Amer. Math. Soc.",
year="1972",
month="April",
volume="23",
number="2",
pages="623--624"}

@article{arens,
author="R. Arens",
title="The adjoint of a bilinear operation",
journal="Proc. Amer. Math. Soc.",
year="1951",
volume="2",
pages="839--848"}

@article{eberlein,
author="W. F. Eberlein",
title="Abstract ergodic theorems and weak almost periodic functions",
journal="Trans. Amer. Math. Soc.",
year="1949",
volume="67",
pages="217--240"}

@article{namioka,
author="I. Namioka",
title="On certain actions of semi-groups on ${L}$-spaces",
journal="Studia Math.",
year="1967",
volume="29",
pages="63--77"}

@article{ellis,
author="R. Ellis",
title="Locally compact transformation groups",
journal="Duke Math. J.",
year="1957",
volume="24",
pages="119--125"}

@article{mitchell,
author="T. Mitchell",
title="Topological semigroups and fixed points",
journal="Illinois J. Math.",
year="1970",
volume="14",
pages="630--641"}

@article{neufang,
author="M. Neufang",
title="On a unified approach to the topological center problem for certain {B}anach algebras arising in abstract harmonic analysis",
journal="Arch. Math. (Basel)",
year="2004",
volume="82",
number="2",
pages="164--171"}

@article{lau&ulger,
author="A. T.-M. Lau and A. {\"{U}}lger",
title="Topological centers of certain dual algebras",
journal="Trans. Amer. Math. Soc.",
year="1996",
volume="348",
pages="1191--1212"}

@unpublished{lau&dales,
author="H. G. Dales and A. T.-M. Lau",
title="The second duals of {B}eurling algebras",
note="Mem. Amer. Math. Soc. (to appear)"}

@mastersthesis{skantharajah:msc,
author="M. Skantharajah",
title="Amenable Actions of Locally Compact Groups on Coset Spaces",
school="University of Alberta",
year="1985"}
